@phdthesis{cupic-disertacija,
	author={Čupić, M.},
	school={Fakultet elektrotehnike i računarstva},
	title={Raspoređivanje nastavnih aktinosti evolucijskim računanjem},
	year={2011}
}

@booklet{cupic-skripta,
	author={Čupić, M.},
	title={Evolucijsko računarstvo},
	year={2019},
	url={http://java.zemris.fer.hr/nastava/ui/evo/evo-20190604.pdf}
}

@article{ganguli2017study,
  title = {A Study on Course Timetable Scheduling using Graph Coloring Approach},
  author = {Ganguli, R. and Roy, S.},
  journal = {International Journal of Computational and Applied Mathematics},
  year = {2017},
  volume = {12},
  number = {2},
  pages = {469--485},
  publisher = {Research India Publications}
}

@mastersthesis{herath2017genetic,
  title = {Genetic Algorithm For University Course Timetabling Problem},
  author = {Achini Kumari, H.},
  year = {2017},
  school = {University of Mississippi}
}

